 
@article{einstein1935,
  title={Can quantum-mechanical description of physical reality be considered complete?},
  author={Einstein, Albert and Podolsky, Boris and Rosen, Nathan},
  journal={Physical review},
  volume={47},
  number={10},
  pages={777},
  year={1935},
  publisher={APS}
}

@article{feynman1948,
  title={Space-time approach to non-relativistic quantum mechanics},
  author={Feynman, Richard Phillips},
  journal={Reviews of Modern Physics},
  volume={20},
  number={2},
  pages={367},
  year={1948},
  publisher={APS}
}

@article{aad2012,
  title={Observation of a new particle in the search for the Standard Model Higgs boson with the ATLAS detector at the LHC},
  author={Aad, Georges and Abajyan, T and Abbott, B and Abdallah, J and Khalek, S Abdel and Abdelalim, AA and Abdinov, O and Aben, R and Abi, B and Abolins, M and others},
  journal={Physics Letters B},
  volume={716},
  number={1},
  pages={1--29},
  year={2012},
  publisher={Elsevier}
}

@article{hughes2005,
  title={Isogeometric analysis: CAD, finite elements, NURBS, exact geometry and mesh refinement},
  author={Hughes, Thomas JR and Cottrell, John A and Bazilevs, Yuri},
  journal={Computer methods in applied mechanics and engineering},
  volume={194},
  number={39},
  pages={4135--4195},
  year={2005},
  publisher={Elsevier}
}
@book{cottrell2009,
  title={Isogeometric analysis: toward integration of CAD and FEA},
  author={Cottrell, J Austin and Hughes, Thomas JR and Bazilevs, Yuri},
  year={2009},
  publisher={John Wiley \& Sons}
}

@book{HebbDonaldOlding1949Wiley,
	publisher = {JOHN WILEY if SONS, Inc.},
	year = {1949},
	title = {The organization of behavior: a neuropsychological theory},
	address = {McGill Univentgli},
	author = {Hebb, Donald Olding},
	keywords = {Neuropsychology},
}

@article{aad2012,
	title={Observation of a new particle in the search for the Standard Model Higgs boson with the ATLAS detector at the LHC},
	author={Aad, Georges and Abajyan, T and Abbott, B and Abdallah, J and Khalek, S Abdel and Abdelalim, AA and Abdinov, O and Aben, R and Abi, B and Abolins, M and others},
	journal={Physics Letters B},
	volume={716},
	number={1},
	pages={1--29},
	year={2012},
	publisher={Elsevier}
}

@article{McCarthy_Feigenbaum_1990, 
	title={In Memoriam: Arthur Samuel: Pioneer in Machine Learning}, 
	volume={11}, 
	url={https://www.aaai.org/ojs/index.php/aimagazine/article/view/840}, 
	DOI={10.1609/aimag.v11i3.840}, 
	abstractNote={Arthur Samuel (1901-1990) was a pioneer of artificial intelligence research. From 1949 through the late 1960s, he did the best work in making computers learn from their expe-rience. His vehicle for this work was the game of checkers.}, 
	number={3}, 
	journal={AI Magazine}, 
	author={McCarthy, John and Feigenbaum, Edward A.}, 
	year={1990}, 
	month={Sep.}, 
	pages={10} }

@book{FlachPeter2012MLTA,
	abstract = {'Machine Learning' brings together all the state-of-the-art methods for making sense of data. With hundreds of worked examples and explanatory figures, it explains the principles behind these methods in an intuitive yet precise manner and will appeal to novice and experienced readers alike.},
	publisher = {Cambridge university press},
	isbn = {9781107096394},
	year = {2012},
	title = {Machine Learning: The Art and Science of Algorithms that Make Sense of Data},
	address = {Cambridge},
	author = {Flach, Peter},
	keywords = {Learning: analogies; concept learning; induction; knowledge acquisition; language acquisition; parameter learning (Artificial intelligence)--See also {681.3*K32}},
}
@book{MachLearnEncy2017Spring,
	Author = {Claude Sammut, Geoffrey I. Webb},
	Title = {Encyclopedia of Machine Learning and Data Mining},
	Publisher = {Springer, Boston, MA},
	address = {Boston, MA},
	Year = {2017},
	ISBN = {148997685X},
	URL = {https://link.springer.com/referencework/10.1007/978-1-4899-7687-1}
}

@book{MachLearn2018Spring,
	Author = {RODRIGO F MELLO and Moacir Antonelli Ponti},
	Title = {Machine Learning: A Practical Approach on the Statistical Learning Theory},
	Publisher = {Springer},
	address = {Boston, MA},
	Year = {2018},
	ISBN = {3319949888},
	URL = {https://link.springer.com/book/10.1007/978-3-319-94989-5}
}
@book{Chopard2018,
	doi = {10.1007/978-3-319-93073-2},
	url = {https://doi.org/10.1007/978-3-319-93073-2},
	year = {2018},
	publisher = {Springer International Publishing},
	author = {Bastien Chopard and Marco Tomassini},
	title = {An Introduction to Metaheuristics for Optimization}
}
@book{Rothlauf2011,
	doi = {10.1007/978-3-540-72962-4},
	url = {https://doi.org/10.1007/978-3-540-72962-4},
	year = {2011},
	publisher = {Springer Berlin Heidelberg},
	author = {Franz Rothlauf},
	title = {Design of Modern Heuristics}
}
@book{Brabazon2015,
	doi = {10.1007/978-3-662-43631-8},
	url = {https://doi.org/10.1007/978-3-662-43631-8},
	year = {2015},
	publisher = {Springer Berlin Heidelberg},
	author = {Anthony Brabazon and Michael O Neill and Sen McGarraghy},
	title = {Natural Computing Algorithms}
}
@article{csa2007,
	author = {Xavier-de-Souza, Samuel and Suykens, Johan and Vandewalle, Joos and Bolle, Désiré},
	year = {2009},
	month = {08},
	pages = {320-35},
	title = {Coupled Simulated Annealing},
	volume = {40},
	journal = {IEEE transactions on systems, man, and cybernetics. Part B, Cybernetics : a publication of the IEEE Systems, Man, and Cybernetics Society},
	doi = {10.1109/TSMCB.2009.2020435}
}
@article{CoLoMi2002,
	author = {Suykens, Johan and Vandewalle, Joos and De Moor, Bart},
	year = {2002},
	month = {11},
	pages = {},
	title = {Intelligence and Cooperative Search by Coupled Local Minimizers}
}

@misc{rupp_2015, 
	url={https://www.karlrupp.net/2015/06/40-years-of-microprocessor-trend-data/}, 
	journal={Karl Rupp}, 
	author={Karl Rupp and Karl Rupp}, 
	year={2015}, 
	month={Jun}}

@Book{stallings2016computer,
	author = {Stallings, William},
	edition = {Tenth edition, global},
	title = {Computer organization and architecture : designing for performance},
	publisher = {Pearson-Prentice Hall},
	year = {2016},
	address = {Boston},
	isbn = {978-1-292-09685-8}
}
@Book{stallings2015operating,
	author = {Stallings, William},
	edition = {Eight edition, global},
	title = {Operating systems : internals and design principles},
	publisher = {Pearson Education Limited},
	year = {2015},
	address = {Harlow, Essex, England},
	isbn = {978-1-292-06135-1}
}

@misc{Defining44:online,
	author = {Oracle},
	title = {Defining and Starting a Thread},
	howpublished = {\url{https://docs.oracle.com/javase/tutorial/essential/concurrency/runthread.html}},
	month = {},
	year = {2019},
	note = {(Accessed on 04/14/2020)}
}

@misc{Threadsu13:online,
	author = {cppreference},
	title = {Thread support library  cppreference.com},
	howpublished = {\url{https://en.cppreference.com/w/c/thread}},
	month = {},
	year = {2018},
	note = {(Accessed on 04/14/2020)}
}

@misc{Threadsu16:online,
	author = {cppreference},
	title = {Thread support library  cppreference.com},
	howpublished = {\url{https://en.cppreference.com/w/cpp/thread}},
	month = {},
	year = {2020},
	note = {(Accessed on 04/14/2020)}
}

@misc{threadin24:online,
	author = {python.org},
	title = {threading  Thread-based parallelism  Python 3.8.2 documentation},
	howpublished = {\url{https://docs.python.org/3/library/threading.html}},
	month = {},
	year = {2020},
	note = {(Accessed on 04/14/2020)}
}

@misc{ThreadCl82:online,
	author = {Microsoft},
	title = {Thread Class (System.Threading)  Microsoft Docs},
	howpublished = {\url{https://docs.microsoft.com/en-us/dotnet/api/system.threading.thread?view=netframework-4.8}},
	month = {},
	year = {2020},
	note = {(Accessed on 04/14/2020)}
}

@misc{ThreadFo70:online,
	author = {Apple},
	title = {Thread  Foundation  Apple Developer Documentation},
	howpublished = {\url{https://developer.apple.com/documentation/foundation/thread}},
	month = {},
	year = {2020},
	note = {(Accessed on 04/14/2020)}
}

@misc{threadKo75:online,
	author = {JetBrains},
	title = {thread  Kotlin Programming Language},
	howpublished = {\url{https://kotlinlang.org/api/latest/jvm/stdlib/kotlin.concurrent/thread.html}},
	month = {},
	year = {2019},
	note = {(Accessed on 04/14/2020)}
}

@misc{Threadin70:online,
	author = {Intel},
	title = {Threading Fortran Applications for Parallel Performance on Multi-Core Systems | Intel® Software},
	howpublished = {\url{https://software.intel.com/en-us/articles/threading-fortran-applications-for-parallel-performance-on-multi-core-systems}},
	month = {},
	year = {2018},
	note = {(Accessed on 04/14/2020)}
}
@misc{Parallel63:online,
	author = {Mathworks},
	title = {Parallel Computing Toolbox - MATLAB},
	howpublished = {\url{https://nl.mathworks.com/products/parallel-computing.html#scale-up-matlab-applications}},
	month = {},
	year = {2020},
	note = {(Accessed on 08/06/2020)}
}
@misc{MATLABGP8:online,
	author = {Mathworks},
	title = {MATLAB GPU Computing Support for NVIDIA CUDA Enabled GPUs - MATLAB \& Simulink},
	howpublished = {\url{https://nl.mathworks.com/solutions/gpu-computing.html}},
	month = {},
	year = {2020},
	note = {(Accessed on 08/06/2020)}
}

@misc{MATLABNV63:online,
	author = {NVidia},
	title = {MATLAB | NVIDIA NGC},
	howpublished = {\url{https://ngc.nvidia.com/catalog/containers/partners:matlab}},
	month = {},
	year = {2020},
	note = {(Accessed on 08/06/2020)}
}
@misc{MATLABin13:online,
	author = {Mathworks},
	title = {MATLAB in the Cloud - MATLAB \& Simulink},
	howpublished = {\url{https://nl.mathworks.com/solutions/cloud.html#public-cloud}},
	month = {},
	year = {2020},
	note = {(Accessed on 08/06/2020)}
}
@misc{AmazonWe74:online,
	author = {Amazon},
	title = {Amazon Web Services (AWS) - Cloud Computing Services},
	howpublished = {\url{https://aws.amazon.com/}},
	month = {},
	year = {2020},
	note = {(Accessed on 08/06/2020)}
}
@misc{CloudCom84:online,
	author = {Microsoft},
	title = {Cloud Computing Services | Microsoft Azure},
	howpublished = {\url{https://azure.microsoft.com/nl-nl/}},
	month = {},
	year = {2020},
	note = {(Accessed on 08/06/2020)}
}
@book{Suykens2002,
	author = {AK Suykens, Johan and  Van Gestel, Tony and De Brabanter, Jos and De Moor, Bart and Vandewalle, Joos},
	title = {Least Square Support Vector Machines},
	year = {2002},
	isbn = {9182381511}
	publisher = {World Scientific},
}
@article{Optimized2010:article,
	author = {Brabanter, Kris and De Brabanter, Jos and Suykens, Johan and De Moor, Bart},
	year = {2010},

	title = {Optimized fixed-size kernel models for large data sets},

	journal = {Computational Statistics And Data Analysis},
	doi = {10.1016/j.csda.2010.01.024}
}
@misc{UCIMachi66:online,
	author = {T. Bertin-Mahieux },
	title = {UCI Machine Learning Repository: Concrete Compressive Strength Data Set},
	howpublished = {\url{http://archive.ics.uci.edu/ml/datasets/Concrete+Compressive+Strength}},
	month = {},
	year = {},
	note = {(Accessed on 08/14/2020)}
}
@misc{UCIMachi93:online,
	author = {Prof. I-Cheng Yeh},
	title = {UCI Machine Learning Repository: YearPredictionMSD Data Set},
	howpublished = {\url{https://archive.ics.uci.edu/ml/datasets/YearPredictionMSD}},
	month = {},
	year = {},
	note = {(Accessed on 08/28/2020)}
}
@misc{MATLABDe46:online,
	author = {Mathworks},
	title = {MATLAB Deep Learning Container on NVIDIA GPU Cloud for Amazon Web Services - MATLAB \& Simulink - MathWorks Benelux},
	howpublished = {\url{https://nl.mathworks.com/help/cloudcenter/ug/matlab-deep-learning-container-on-aws.html}},
	month = {},
	year = {},
	note = {(Accessed on 08/28/2020)}
}
@misc{NVIDIAV181:online,
	author = {NVIDIA},
	title = {NVIDIA V100S Datasheet},
	howpublished = {\url{https://images.nvidia.com/content/technologies/volta/pdf/volta-v100-datasheet-update-us-1165301-r5.pdf}},
	month = {},
	year = {},
	note = {(Accessed on 08/28/2020)}
}

